%% This BibTeX bibliography file was created using BibDesk.
%% https://bibdesk.sourceforge.io/

%% Created for Anna  Carter at 2024-04-25 17:39:50 +0100 


%% Saved with string encoding Unicode (UTF-8) 



@misc{flask,
    title = {FLASK API},
    url = {https://flask.palletsprojects.com/en/3.0.x/},
    author = {PalletsProjects},
    year = {2024},
    note = {Accessed May, 2024}
}

@misc{postman,
    title = {POSTman},
    url = {https://www.postman.com/},
    author = {POSTmanInc.},
    year = {2024},
    note = {Accessed May, 2024}
}

@misc{docker,
    title = {Docker},
    url = {https://www.docker.com/},
    author = {DockerInc.},
    year = {2024},
    note = {Accessed May, 2024}
}

@misc{AWSSageMaker,
    title = {AWS SageMaker},
    url = {https://aws.amazon.com/},
    author = {AmazonWebServices},
    year = {2024},
    note = {Accessed May, 2024}
}

@misc{streamlit,
    title = {StreamLit},
    url = {https://streamlit.io/},
    author = {Snowflake},
    year = {2024},
    note = {Accessed May, 2024}
}

@misc{huggingface,
    title = {HuggingFace},
    url = {https://huggingface.co/spaces},
    author = {HuggingFace},
    year = {2024},
    note = {Accessed May, 2024}
}

@misc{azure,
    title = {Azure},
    url = {https://azure.microsoft.com/en-gb},
    author = {Microsoft},
    year = {2024},
    note = {Accessed May, 2024}
}

@misc{fastapi,
    title = {FastAPI},
    url = {https://fastapi.tiangolo.com/},
    author = {Tiangolo},
    year = {2024},
    note = {Accessed May, 2024}
}

@misc{TorchSave,
    title = {TorchSave},
    url = {https://pytorch.org/docs/stable/generated/torch.save.html},
    author = {Pytorch},
    year = {2023},
    note = {Accessed May, 2024}
}

@misc{tensorflow,
    title = {TensorFlow Serving,},
    url = {https://www.tensorflow.org/tfx/guide/serving},
    author = {Tensorflow},
    year = {2021},
    note = {Accessed May, 2024}
}
